10400000         2005890130001480000000000000000000003915206309940000000BEPINE INDUSTRIA E COMERCIO DECAIXA ECONOMICA FEDERAL                 10507202310001800000510700000                    REMESSA-PRODUCAO                                 
10400011R0100067 20005890130001480630994000000000000003915200000000000000BEPINE INDUSTRIA E COMERCIO DE                                                                                000000050507202300000000                                 
1040001300001P 01039152063099400000000001400000000000427411220007251-01      1307202300000000033970300000002N15062023113072023000000000000113000000000000000000000000000000000000000000000000000000007251-01                3001025090000000000 
1040001300002Q 012075953562000159PROMOVENDAS COM DE EMBALAGENS LTDA      RUA MAL TROMPOWSKI 55                   BACACHERI      17034310CURITIBA       PR0000000000000000                                        000                            
1040001300003R 01000000000000000000000000000000000000000000000000214072023000000000000200                                                                                                                                                       
1040001300004S 013Cobrar multa de R$67-94 para pagamento a                                                                                                                                                                                      
10400015         000006000001000000000003397030000000000000000000000000000000000000000000000                                                                                                                                                    
10499999         000001000008                                                                                                                                                                                                                   
